@Article{verteilteSysteme,
	author = {Alexander Schill and Thomas Springer},
	title = {Verteilte Systeme},
	journal = {eXamen-press},
	year = {2012},
}

@Article{ScriptITSicherheit,
	author = {Prof. Dr. K. Bayreuther},
	title = {IT-Sicherheit, Einf√ºhrung and Grundlage},
	year = {2020},
}

@Misc{vS-TU-Braunschweig,
	author = {{Dr. C. Werner}},
	title = {Verteilte Systeme -- 7. Fehlertoleranz},
	note={Vorlesungs-Skript},
	year = {Sommersemster 2011},
}

@Misc{vS-Dillinger,
	author = {{Dr. Dillinger}},
	title = {Verteilte Systeme},
	note={Vorlesungs-Skript},
	year = {Wintersemester 2020},
}